
@article{Cordova:2023qei,
    author = "Cordova, Clay and Rizi, Giovanni",
    title = "{Non-invertible symmetry in Calabi-Yau conformal field theories}",
    eprint = "2312.17308",
    archivePrefix = "arXiv",
    primaryClass = "hep-th",
    doi = "10.1007/JHEP01(2025)045",
    journal = "JHEP",
    volume = "01",
    pages = "045",
    year = "2025"
}


@article{FangFang:2024eaw,
    author = "Fang, Fang and others",
    title = "{Probing critical phenomena in open quantum systems using atom arrays}",
    eprint = "2402.15376",
    archivePrefix = "arXiv",
    primaryClass = "quant-ph",
    month = "2",
    year = "2024"
}


@article{Hellerman:2009bu,
    author = "Hellerman, Simeon",
    title = "{A Universal Inequality for CFT and Quantum Gravity}",
    eprint = "0902.2790",
    archivePrefix = "arXiv",
    primaryClass = "hep-th",
    reportNumber = "IPMU-09-0022, IPMU-09-0022",
    doi = "10.1007/JHEP08(2011)130",
    journal = "JHEP",
    volume = "08",
    pages = "130",
    year = "2011"
}

@article{polyakov1969microscopic,
  title={Microscopic description of critical phenomena},
  author={Polyakov, AM},
  journal={Sov. Phys. JETP},
  volume={28},
  pages={533--539},
  year={1969}
}

@Article{10.21468/SciPostPhys.6.3.033,
	title={{DMRG investigation of constrained models: from quantum dimer and quantum loop ladders to hard-boson and Fibonacci anyon chains}},
	author={Natalia Chepiga and Frédéric Mila},
	journal={SciPost Phys.},
	volume={6},
	pages={033},
	year={2019},
	publisher={SciPost},
	doi={10.21468/SciPostPhys.6.3.033},
	url={https://scipost.org/10.21468/SciPostPhys.6.3.033},
}


@article{Collier:2016cls,
    author = "Collier, Scott and Lin, Ying-Hsuan and Yin, Xi",
    title = "{Modular Bootstrap Revisited}",
    eprint = "1608.06241",
    archivePrefix = "arXiv",
    primaryClass = "hep-th",
    doi = "10.1007/JHEP09(2018)061",
    journal = "JHEP",
    volume = "09",
    pages = "061",
    year = "2018"
}
@article{Benjamin:2019stq,
    author = "Benjamin, Nathan and Ooguri, Hirosi and Shao, Shu-Heng and Wang, Yifan",
    title = "{Light-cone modular bootstrap and pure gravity}",
    eprint = "1906.04184",
    archivePrefix = "arXiv",
    primaryClass = "hep-th",
    reportNumber = "CALT-TH 2019-020, IPMU19-0086, PUPT-2586",
    doi = "10.1103/PhysRevD.100.066029",
    journal = "Phys. Rev. D",
    volume = "100",
    number = "6",
    pages = "066029",
    year = "2019"
}

@article{Pal:2025yvz,
    author = "Pal, Sridip and Qiao, Jiaxin and van Rees, Balt C.",
    title = "{Universality of the microcanonical entropy at large spin}",
    eprint = "2505.02897",
    archivePrefix = "arXiv",
    primaryClass = "hep-th",
    month = "5",
    year = "2025"
}
@article{Dey:2024nje,
    author = "Dey, Indranil and Pal, Sridip and Qiao, Jiaxin",
    title = "{A universal inequality on the unitary 2D CFT partition function}",
    eprint = "2410.18174",
    archivePrefix = "arXiv",
    primaryClass = "hep-th",
    reportNumber = "CALT-TH 2024-039",
    doi = "10.1007/JHEP07(2025)163",
    journal = "JHEP",
    volume = "07",
    pages = "163",
    year = "2025"
}
@article{Pal:2023cgk,
    author = "Pal, Sridip and Qiao, Jiaxin",
    title = "{Lightcone Modular Bootstrap and Tauberian Theory: A Cardy-Like Formula for Near-Extremal Black Holes}",
    eprint = "2307.02587",
    archivePrefix = "arXiv",
    primaryClass = "hep-th",
    doi = "10.1007/s00023-024-01441-2",
    journal = "Annales Henri Poincare",
    volume = "26",
    number = "3",
    pages = "787--844",
    year = "2025"
}

@article{Pal:2022vqc,
    author = "Pal, Sridip and Qiao, Jiaxin and Rychkov, Slava",
    title = "{Twist Accumulation in Conformal Field Theory: A Rigorous Approach to the Lightcone Bootstrap}",
    eprint = "2212.04893",
    archivePrefix = "arXiv",
    primaryClass = "hep-th",
    doi = "10.1007/s00220-023-04767-w",
    journal = "Commun. Math. Phys.",
    volume = "402",
    number = "3",
    pages = "2169--2214",
    year = "2023"
}



@article{Ruelle:1998zu,
    author = "Ruelle, P. and Verhoeven, O.",
    title = "{Discrete symmetries of unitary minimal conformal theories}",
    eprint = "hep-th/9803129",
    archivePrefix = "arXiv",
    reportNumber = "UCL-IPT-98-03",
    doi = "10.1016/S0550-3213(98)00639-7",
    journal = "Nucl. Phys. B",
    volume = "535",
    pages = "650--680",
    year = "1998"
}
@article{Jacobsen:2024jel,
    author = "Jacobsen, Jesper Lykke and Wiese, Kay Joerg",
    title = "{Lattice Realization of Complex Conformal Field Theories: Two-Dimensional Potts Model with Q{\ensuremath{>}}4 States}",
    eprint = "2402.10732",
    archivePrefix = "arXiv",
    primaryClass = "hep-th",
    doi = "10.1103/PhysRevLett.133.077101",
    journal = "Phys. Rev. Lett.",
    volume = "133",
    number = "7",
    pages = "077101",
    year = "2024"
}
@article{Ambrosino:2025yug,
    author = "Ambrosino, Federico and Negro, Stefano",
    title = "{Minimal Model Renormalization Group Flows: Noninvertible Symmetries and Nonperturbative Description}",
    eprint = "2501.07511",
    archivePrefix = "arXiv",
    primaryClass = "hep-th",
    reportNumber = "DESY-25-003",
    doi = "10.1103/dg1s-5vp6",
    journal = "Phys. Rev. Lett.",
    volume = "135",
    number = "2",
    pages = "021602",
    year = "2025"
}

@article{PhysRevB.65.144520,
  title = {Critical exponents and equation of state of the three-dimensional Heisenberg universality class},
  author = {Campostrini, Massimo and Hasenbusch, Martin and Pelissetto, Andrea and Rossi, Paolo and Vicari, Ettore},
  journal = {Phys. Rev. B},
  volume = {65},
  issue = {14},
  pages = {144520},
  numpages = {21},
  year = {2002},
  month = {Apr},
  publisher = {American Physical Society},
  doi = {10.1103/PhysRevB.65.144520},
  url = {https://link.aps.org/doi/10.1103/PhysRevB.65.144520}
}


@article{Zhu:2022gjc,
    author = "Zhu, Wei and Han, Chao and Huffman, Emilie and Hofmann, Johannes S. and He, Yin-Chen",
    title = "{Uncovering Conformal Symmetry in the 3D Ising Transition: State-Operator Correspondence from a Quantum Fuzzy Sphere Regularization}",
    eprint = "2210.13482",
    archivePrefix = "arXiv",
    primaryClass = "cond-mat.stat-mech",
    doi = "10.1103/PhysRevX.13.021009",
    journal = "Phys. Rev. X",
    volume = "13",
    number = "2",
    pages = "021009",
    year = "2023"
}



@article{PhysRevB.63.214503,
  title = {Critical behavior of the three-dimensional $\mathrm{XY}$ universality class},
  author = {Campostrini, Massimo and Hasenbusch, Martin and Pelissetto, Andrea and Rossi, Paolo and Vicari, Ettore},
  journal = {Phys. Rev. B},
  volume = {63},
  issue = {21},
  pages = {214503},
  numpages = {28},
  year = {2001},
  month = {May},
  publisher = {American Physical Society},
  doi = {10.1103/PhysRevB.63.214503},
  url = {https://link.aps.org/doi/10.1103/PhysRevB.63.214503}
}



@article{Nakayama:2024msv,
    author = "Nakayama, Yu and Tanaka, Takahilo",
    title = "{Infinitely many new renormalization group flows between Virasoro minimal models from non-invertible symmetries}",
    eprint = "2407.21353",
    archivePrefix = "arXiv",
    primaryClass = "hep-th",
    reportNumber = "YITP-24-92",
    doi = "10.1007/JHEP11(2024)137",
    journal = "JHEP",
    volume = "11",
    pages = "137",
    year = "2024"
}
@article{Copetti:2024rqj,
    author = "Copetti, Christian and Cordova, Lucia and Komatsu, Shota",
    title = "{Noninvertible Symmetries, Anomalies, and Scattering Amplitudes}",
    eprint = "2403.04835",
    archivePrefix = "arXiv",
    primaryClass = "hep-th",
    doi = "10.1103/PhysRevLett.133.181601",
    journal = "Phys. Rev. Lett.",
    volume = "133",
    number = "18",
    pages = "181601",
    year = "2024"
}
@article{Wang_2022,
   title={Universal finite-size amplitude and anomalous entangment entropy of $z=2$ quantum Lifshitz criticalities in topological chains},
   volume={12},
   ISSN={2542-4653},
   url={http://dx.doi.org/10.21468/SciPostPhys.12.4.134},
   DOI={10.21468/scipostphys.12.4.134},
   number={4},
   journal={SciPost Physics},
   publisher={Stichting SciPost},
   author={Wang, Ke and Sedrakyan, Tigran},
   year={2022},
   month=apr }



@article{Shao:2023gho,
    author = "Shao, Shu-Heng",
    title = "{What's Done Cannot Be Undone: TASI Lectures on Non-Invertible Symmetries}",
    eprint = "2308.00747",
    archivePrefix = "arXiv",
    primaryClass = "hep-th",
    reportNumber = "YITP-SB-2023-19",
    month = "8",
    year = "2023"
}
@article{Seiberg:2023cdc,
    author = "Seiberg, Nathan and Shao, Shu-Heng",
    title = "{Majorana chain and Ising model - (non-invertible) translations, anomalies, and emanant symmetries}",
    eprint = "2307.02534",
    archivePrefix = "arXiv",
    primaryClass = "cond-mat.str-el",
    reportNumber = "YITP-SB-2023-14",
    doi = "10.21468/SciPostPhys.16.3.064",
    journal = "SciPost Phys.",
    volume = "16",
    number = "3",
    pages = "064",
    year = "2024"
}

@misc{delaney2019fusionrulespermutationextensions,
      title={Fusion rules for permutation extensions of modular tensor categories}, 
      author={Colleen Delaney},
      year={2019},
      eprint={1909.03003},
      archivePrefix={arXiv},
      primaryClass={math.QA},
      url={https://arxiv.org/abs/1909.03003}, 
}

@article{Osborn:2020cnf,
    author = "Osborn, Hugh and Stergiou, Andreas",
    title = "{Heavy handed quest for fixed points in multiple coupling scalar theories in the $\epsilon$ expansion}",
    eprint = "2010.15915",
    archivePrefix = "arXiv",
    primaryClass = "hep-th",
    reportNumber = "LA-UR-20-27569",
    doi = "10.1007/JHEP04(2021)128",
    journal = "JHEP",
    volume = "04",
    pages = "128",
    year = "2021"
}
@article{Osborn:2017ucf,
    author = "Osborn, Hugh and Stergiou, Andreas",
    title = "{Seeking fixed points in multiple coupling scalar theories in the $\epsilon$ expansion}",
    eprint = "1707.06165",
    archivePrefix = "arXiv",
    primaryClass = "hep-th",
    reportNumber = "DAMTP-2017-30, CERN-TH-2017-149",
    doi = "10.1007/JHEP05(2018)051",
    journal = "JHEP",
    volume = "05",
    pages = "051",
    year = "2018"
}
@article{Dunbar:1993hr,
    author = "Dunbar, David C. and Joshi, Keith G.",
    title = "{Maverick examples of coset conformal field theories}",
    eprint = "hep-th/9309093",
    archivePrefix = "arXiv",
    reportNumber = "LTH-93-310, SWAT-93-07",
    doi = "10.1142/S0217732393003196",
    journal = "Mod. Phys. Lett. A",
    volume = "8",
    pages = "2803--2814",
    year = "1993"
}
@article{Bais:1987zk,
    author = "Bais, F. A. and Bouwknegt, P. and Surridge, M. and Schoutens, K.",
    title = "{Coset Construction for Extended Virasoro Algebras}",
    reportNumber = "ITFA-87-18, THU-87-21",
    doi = "10.1016/0550-3213(88)90632-3",
    journal = "Nucl. Phys. B",
    volume = "304",
    pages = "371--391",
    year = "1988"
}
@article{Dotsenko:2003zc,
    author = "Dotsenko, Vladimir S. and Jacobsen, Jesper Lykke and Raoul, Santachiara",
    title = "{Parafermionic theory with the symmetry Z(N), for N odd}",
    eprint = "hep-th/0303126",
    archivePrefix = "arXiv",
    doi = "10.1016/S0550-3213(03)00391-2",
    journal = "Nucl. Phys. B",
    volume = "664",
    pages = "477--511",
    year = "2003"
}

@article{Dotsenko:2003ui,
    author = "Dotsenko, Vladimir S and Jacobsen, Jesper Lykke and Santachiara, Raoul",
    title = "{Parafermionic theory with the symmetry Z(N), for N even}",
    eprint = "hep-th/0310131",
    archivePrefix = "arXiv",
    doi = "10.1016/j.nuclphysb.2003.11.019",
    journal = "Nucl. Phys. B",
    volume = "679",
    pages = "464--494",
    year = "2004"
}
@article{WESS197195,
title = {Consequences of anomalous ward identities},
journal = {Physics Letters B},
volume = {37},
number = {1},
pages = {95-97},
year = {1971},
issn = {0370-2693},
doi = {https://doi.org/10.1016/0370-2693(71)90582-X},
url = {https://www.sciencedirect.com/science/article/pii/037026937190582X},
author = {J. Wess and B. Zumino},
abstract = {The anomalies of Ward identities are shown to satisfy consistency or integrability relations, which restrict their possible form. For the case of SU(3) × SU(3) we verify that the anomalies given by Bardeen satisfy the consistency relations. A solution of the anomalous Ward identities is also given which describes concisely all anomalous contributions to low energy theorems. The contributions to strong five pseudoscalar interactions, to Kl4, to one- and two-photon interactions with three pseudoscalars are explicity exhibited.}
}
@article{Witten:1983tw,
    author = "Witten, Edward",
    title = "{Global Aspects of Current Algebra}",
    reportNumber = "PRINT-83-0262 (PRINCETON)",
    doi = "10.1016/0550-3213(83)90063-9",
    journal = "Nucl. Phys. B",
    volume = "223",
    pages = "422--432",
    year = "1983"
}

@article{Mukhi:2022bte,
    author = "Mukhi, Sunil and Rayhaun, Brandon C.",
    title = "{Classification of Unitary RCFTs with Two Primaries and Central Charge Less Than 25}",
    eprint = "2208.05486",
    archivePrefix = "arXiv",
    primaryClass = "hep-th",
    doi = "10.1007/s00220-023-04681-1",
    journal = "Commun. Math. Phys.",
    volume = "401",
    number = "2",
    pages = "1899--1949",
    year = "2023"
}
@article{Mathur:1988na,
    author = "Mathur, Samir D. and Mukhi, Sunil and Sen, Ashoke",
    title = "{On the Classification of Rational Conformal Field Theories}",
    reportNumber = "TIFR/TH/88-39",
    doi = "10.1016/0370-2693(88)91765-0",
    journal = "Phys. Lett. B",
    volume = "213",
    pages = "303--308",
    year = "1988"
}

@article{Verlinde:1988sn,
    author = "Verlinde, Erik P.",
    title = "{Fusion Rules and Modular Transformations in 2D Conformal Field Theory}",
    reportNumber = "THU-88/17",
    doi = "10.1016/0550-3213(88)90603-7",
    journal = "Nucl. Phys. B",
    volume = "300",
    pages = "360--376",
    year = "1988"
}

@article{Cappelli:1986hf,
    author = "Cappelli, Andrea and Itzykson, C. and Zuber, J. -B.",
    title = "{Modular invariant partition functions in two dimensions}",
    reportNumber = "SACLAY-PHT-86-122",
    doi = "10.1016/0550-3213(87)90155-6",
    journal = "Nucl. Phys. B",
    volume = "280",
    pages = "445--465",
    year = "1987"
}

@article{Fateev:1985mm,
    author = "Fateev, V. A. and Zamolodchikov, A. B.",
    title = "{Parafermionic Currents in the Two-Dimensional Conformal Quantum Field Theory and Selfdual Critical Points in Z(n) Invariant Statistical Systems}",
    reportNumber = "LANDAU-1985-9",
    journal = "Sov. Phys. JETP",
    volume = "62",
    pages = "215--225",
    year = "1985"
}

@article{Dotsenko:2002gs,
    author = "Dotsenko, Vladimir S. and Jacobsen, Jesper Lykke and Santachiara, Raoul",
    title = "{Parafermionic theory with the symmetry Z(5)}",
    eprint = "hep-th/0212158",
    archivePrefix = "arXiv",
    doi = "10.1016/S0550-3213(03)00066-X",
    journal = "Nucl. Phys. B",
    volume = "656",
    pages = "259--324",
    year = "2003"
}
@article{Zamolodchikov:1985wn,
    author = "Zamolodchikov, A. B.",
    title = "{Infinite Additional Symmetries in Two-Dimensional Conformal Quantum Field Theory}",
    doi = "10.1007/BF01036128",
    journal = "Theor. Math. Phys.",
    volume = "65",
    pages = "1205--1213",
    year = "1985"
}
@book{DiFrancesco:1997nk,
    author = "Di Francesco, P. and Mathieu, P. and Senechal, D.",
    title = "{Conformal Field Theory}",
    doi = "10.1007/978-1-4612-2256-9",
    isbn = "978-0-387-94785-3, 978-1-4612-7475-9",
    publisher = "Springer-Verlag",
    address = "New York",
    series = "Graduate Texts in Contemporary Physics",
    year = "1997"
}

@article{Goddard:1984vk,
    author = "Goddard, P. and Kent, A. and Olive, David I.",
    title = "{Virasoro Algebras and Coset Space Models}",
    reportNumber = "DAMTP-84-22",
    doi = "10.1016/0370-2693(85)91145-1",
    journal = "Phys. Lett. B",
    volume = "152",
    pages = "88--92",
    year = "1985"
}
@article{Goddard:1986ee,
    author = "Goddard, P. and Kent, A. and Olive, David I.",
    title = "{Unitary Representations of the Virasoro and Supervirasoro Algebras}",
    reportNumber = "DAMTP-85-21",
    doi = "10.1007/BF01464283",
    journal = "Commun. Math. Phys.",
    volume = "103",
    pages = "105--119",
    year = "1986"
}

@article{Maloney:2007ud,
    author = "Maloney, Alexander and Witten, Edward",
    title = "{Quantum Gravity Partition Functions in Three Dimensions}",
    eprint = "0712.0155",
    archivePrefix = "arXiv",
    primaryClass = "hep-th",
    doi = "10.1007/JHEP02(2010)029",
    journal = "JHEP",
    volume = "02",
    pages = "029",
    year = "2010"
}

@article{Fateev:1991bv,
    author = "Fateev, V. A. and Zamolodchikov, Al. B.",
    title = "{Integrable perturbations of ZN parafermion models and the O(3) sigma model}",
    reportNumber = "PAR-LPTHE-91-51",
    doi = "10.1016/0370-2693(91)91283-2",
    journal = "Phys. Lett. B",
    volume = "271",
    pages = "91--100",
    year = "1991"
}
@article{Freedman:2001eqc,
    author = "Freedman, Michael H. and Kitaev, Alexei and Larsen, Michael J. and Wang, Zhenghan",
    title = "{Topological Quantum Computation}",
    eprint = "quant-ph/0101025",
    archivePrefix = "arXiv",
    month = "1",
    year = "2001"
}
@article{Read:1998ed,
    author = "Read, N. and Rezayi, E.",
    title = "{Beyond paired quantum Hall states: Parafermions and incompressible states in the first excited Landau level}",
    eprint = "cond-mat/9809384",
    archivePrefix = "arXiv",
    reportNumber = "NSF-ITP-98-091",
    doi = "10.1103/PhysRevB.59.8084",
    journal = "Phys. Rev. B",
    volume = "59",
    pages = "8084",
    year = "1999"
}

@article{Hung:2025gcp,
    author = "Hung, Ling-Yan and Ji, Kaixin and Shen, Ce and Wan, Yidun and Zhao, Yu",
    title = "{A 2D-CFT Factory: Critical Lattice Models from Competing Anyon Condensation Processes in SymTO/SymTFT}",
    eprint = "2506.05324",
    archivePrefix = "arXiv",
    primaryClass = "cond-mat.str-el",
    month = "6",
    year = "2025"
}

@article{Bottini:2025hri,
    author = "Bottini, Lea E. and Schafer-Nameki, Sakura",
    title = "{Construction of a Gapless Phase with Haagerup Symmetry}",
    eprint = "2410.19040",
    archivePrefix = "arXiv",
    primaryClass = "hep-th",
    doi = "10.1103/PhysRevLett.134.191602",
    journal = "Phys. Rev. Lett.",
    volume = "134",
    number = "19",
    pages = "191602",
    year = "2025"
}

@article{Huang:2021nvb,
    author = "Huang, Tzu-Chen and Lin, Ying-Hsuan and Ohmori, Kantaro and Tachikawa, Yuji and Tezuka, Masaki",
    title = "{Numerical Evidence for a Haagerup Conformal Field Theory}",
    eprint = "2110.03008",
    archivePrefix = "arXiv",
    primaryClass = "cond-mat.stat-mech",
    reportNumber = "CALT-TH-2021-034",
    doi = "10.1103/PhysRevLett.128.231603",
    journal = "Phys. Rev. Lett.",
    volume = "128",
    number = "23",
    pages = "231603",
    year = "2022"
}



@article{Zamolodchikov:1987ti,
    author = "Zamolodchikov, A. B.",
    title = "{Renormalization Group and Perturbation Theory Near Fixed Points in Two-Dimensional Field Theory}",
    journal = "Sov. J. Nucl. Phys.",
    volume = "46",
    pages = "1090",
    year = "1987"
}
@article{Hartman:2014oaa,
    author = "Hartman, Thomas and Keller, Christoph A. and Stoica, Bogdan",
    title = "{Universal Spectrum of 2d Conformal Field Theory in the Large c Limit}",
    eprint = "1405.5137",
    archivePrefix = "arXiv",
    primaryClass = "hep-th",
    reportNumber = "CALT-68-2889, RUNHETC-2014-07",
    doi = "10.1007/JHEP09(2014)118",
    journal = "JHEP",
    volume = "09",
    pages = "118",
    year = "2014"
}

@article{Yin:2017yyn,
    author = "Yin, Xi",
    title = "{Aspects of Two-Dimensional Conformal Field Theories}",
    doi = "10.22323/1.305.0003",
    journal = "PoS",
    volume = "TASI2017",
    pages = "003",
    year = "2017"
}
@article{Kusuki:2018wpa,
    author = "Kusuki, Yuya",
    title = "{Light Cone Bootstrap in General 2D CFTs and Entanglement from Light Cone Singularity}",
    eprint = "1810.01335",
    archivePrefix = "arXiv",
    primaryClass = "hep-th",
    reportNumber = "YITP-18-106",
    doi = "10.1007/JHEP01(2019)025",
    journal = "JHEP",
    volume = "01",
    pages = "025",
    year = "2019"
}

@article{Collier:2018exn,
    author = "Collier, Scott and Gobeil, Yan and Maxfield, Henry and Perlmutter, Eric",
    title = "{Quantum Regge Trajectories and the Virasoro Analytic Bootstrap}",
    eprint = "1811.05710",
    archivePrefix = "arXiv",
    primaryClass = "hep-th",
    doi = "10.1007/JHEP05(2019)212",
    journal = "JHEP",
    volume = "05",
    pages = "212",
    year = "2019"
}

@article{Collier:2019weq,
    author = "Collier, Scott and Maloney, Alexander and Maxfield, Henry and Tsiares, Ioannis",
    title = "{Universal dynamics of heavy operators in CFT$_{2}$}",
    eprint = "1912.00222",
    archivePrefix = "arXiv",
    primaryClass = "hep-th",
    doi = "10.1007/JHEP07(2020)074",
    journal = "JHEP",
    volume = "07",
    pages = "074",
    year = "2020"
}
@article{Belavin:1984vu,
    author = "Belavin, A. A. and Polyakov, Alexander M. and Zamolodchikov, A. B.",
    editor = "Khalatnikov, I. M. and Mineev, V. P.",
    title = "{Infinite Conformal Symmetry in Two-Dimensional Quantum Field Theory}",
    reportNumber = "CERN-TH-3827",
    doi = "10.1016/0550-3213(84)90052-X",
    journal = "Nucl. Phys. B",
    volume = "241",
    pages = "333--380",
    year = "1984"
}
@article{Antunes:2022vtb,
    author = "Antunes, Ant{\'o}nio and Behan, Connor",
    title = "{Coupled Minimal Conformal Field Theory Models Revisited}",
    eprint = "2211.16503",
    archivePrefix = "arXiv",
    primaryClass = "hep-th",
    reportNumber = "DESY-22-191",
    doi = "10.1103/PhysRevLett.130.071602",
    journal = "Phys. Rev. Lett.",
    volume = "130",
    number = "7",
    pages = "071602",
    year = "2023"
}

@article{Antunes:2024mfb,
    author = "Antunes, Ant{\'o}nio and Behan, Connor",
    title = "{Coupled minimal models revisited II: Constraints from permutation symmetry}",
    eprint = "2412.21107",
    archivePrefix = "arXiv",
    primaryClass = "hep-th",
    doi = "10.21468/SciPostPhys.18.4.132",
    journal = "SciPost Phys.",
    volume = "18",
    number = "4",
    pages = "132",
    year = "2025"
}

@article{Vafa:1988ag,
    author = "Vafa, Cumrun",
    title = "{Toward Classification of Conformal Theories}",
    reportNumber = "HUTP-88/A011",
    doi = "10.1016/0370-2693(88)91603-6",
    journal = "Phys. Lett. B",
    volume = "206",
    pages = "421--426",
    year = "1988"
}

@article{Dotsenko:1998gyp,
    author = "Dotsenko, Vladimir and Jacobsen, Jesper Lykke and Lewis, Marc-Andr{\'e} and Picco, Marco",
    title = "{Coupled Potts models: Self-duality and fixed point structure}",
    eprint = "cond-mat/9812227",
    archivePrefix = "arXiv",
    reportNumber = "PAR-LPTHE-98-56",
    doi = "10.1016/S0550-3213(99)00097-8",
    journal = "Nucl. Phys. B",
    volume = "546",
    pages = "505--557",
    year = "1999"
}

@article{Kousvos:2024dlz,
    author = "Kousvos, Stefanos R. and Piazza, Alessandro and Vichi, Alessandro",
    title = "{Exploring replica-Potts CFTs in two dimensions}",
    eprint = "2405.19416",
    archivePrefix = "arXiv",
    primaryClass = "hep-th",
    doi = "10.1007/JHEP11(2024)030",
    journal = "JHEP",
    volume = "11",
    pages = "030",
    year = "2024"
}








@article{Vaysburd:1995sp,
    author = "Vaysburd, I.",
    title = "{Critical RSOS models in external fields}",
    eprint = "hep-th/9503070",
    archivePrefix = "arXiv",
    reportNumber = "SISSA-150-94-FM",
    doi = "10.1016/0550-3213(95)00214-D",
    journal = "Nucl. Phys. B",
    volume = "446",
    pages = "387--404",
    year = "1995"
}

@article{Zou:2017zce,
    author = "Zou, Yijian and Milsted, Ashley and Vidal, Guifre",
    title = "{Conformal data and renormalization group flow in critical quantum spin chains using periodic uniform matrix product states}",
    eprint = "1710.05397",
    archivePrefix = "arXiv",
    primaryClass = "cond-mat.str-el",
    doi = "10.1103/PhysRevLett.121.230402",
    journal = "Phys. Rev. Lett.",
    volume = "121",
    number = "23",
    pages = "230402",
    year = "2018"
}


@article{PhysRevB.83.125104,
  title = {Exploiting translational invariance in matrix product state simulations of spin chains with periodic boundary conditions},
  author = {Pirvu, B. and Verstraete, F. and Vidal, G.},
  journal = {Phys. Rev. B},
  volume = {83},
  issue = {12},
  pages = {125104},
  numpages = {14},
  year = {2011},
  month = {Mar},
  publisher = {American Physical Society},
  doi = {10.1103/PhysRevB.83.125104},
  url = {https://link.aps.org/doi/10.1103/PhysRevB.83.125104}
}



@article{itensor,
	title={{The ITensor Software Library for Tensor Network Calculations}},
	author={Matthew Fishman and Steven R. White and E. Miles Stoudenmire},
	journal={SciPost Phys. Codebases},
	pages={4},
	year={2022},
	publisher={SciPost},
	doi={10.21468/SciPostPhysCodeb.4},
	url={https://scipost.org/10.21468/SciPostPhysCodeb.4}
}

@article{itensor-r0.3,
	title={{Codebase release 0.3 for ITensor}},
	author={Matthew Fishman and Steven R. White and E. Miles Stoudenmire},
	journal={SciPost Phys. Codebases},
	pages={4-r0.3},
	year={2022},
	publisher={SciPost},
	doi={10.21468/SciPostPhysCodeb.4-r0.3},
	url={https://scipost.org/10.21468/SciPostPhysCodeb.4-r0.3}
}


@article{Feiguin:2006ydp,
    author = "Feiguin, Adrian and Trebst, Simon and Ludwig, Andreas W. W. and Troyer, Matthias and Kitaev, Alexei and Wang, Zhenghan and Freedman, Michael H.",
    title = "{Interacting anyons in topological quantum liquids: The golden chain}",
    eprint = "cond-mat/0612341",
    archivePrefix = "arXiv",
    doi = "10.1103/PhysRevLett.98.160409",
    journal = "Phys. Rev. Lett.",
    volume = "98",
    pages = "160409",
    year = "2007"
}

@article{Thorngren:2021yso,
    author = "Thorngren, Ryan and Wang, Yifan",
    title = "{Fusion category symmetry. Part II. Categoriosities at c = 1 and beyond}",
    eprint = "2106.12577",
    archivePrefix = "arXiv",
    primaryClass = "hep-th",
    doi = "10.1007/JHEP07(2024)051",
    journal = "JHEP",
    volume = "07",
    pages = "051",
    year = "2024"
}




@article{le1980critical,
  title={Critical exponents from field theory},
  author={Le Guillou, JC and Zinn-Justin, J},
  journal={Physical Review B},
  volume={21},
  number={9},
  pages={3976},
  year={1980},
  publisher={American Physical Society}
}

@article{LECLAIR1998523,
title = {Integrability of coupled conformal field theories},
journal = {Nuclear Physics B},
volume = {512},
number = {3},
pages = {523-542},
year = {1998},
issn = {0550-3213},
doi = {https://doi.org/10.1016/S0550-3213(97)00724-4},
url = {https://www.sciencedirect.com/science/article/pii/S0550321397007244},
author = {A. LeClair and A.W.W. Ludwig and G. Mussardo},
keywords = {Affine Toda, Exact -matrix},
abstract = {The massive phase of two-layer integrable systems is studied by means of RSOS restrictions of affine Toda theories. A general classification of all possible integrable perturbations of coupled minimal models is pursued by an analysis of the (extended) Dynkin diagrams. The models considered in most detail are coupled minimal models which interpolate between magnetically coupled Ising models and Heisenberg spin ladders along the c < 1 discrete series.}
}

@article{Chang:2018iay,
    author = "Chang, Chi-Ming and Lin, Ying-Hsuan and Shao, Shu-Heng and Wang, Yifan and Yin, Xi",
    title = "{Topological Defect Lines and Renormalization Group Flows in Two Dimensions}",
    eprint = "1802.04445",
    archivePrefix = "arXiv",
    primaryClass = "hep-th",
    reportNumber = "CALT-TH-2017-067, CALT-TH 2017-067, PUPT-2546",
    doi = "10.1007/JHEP01(2019)026",
    journal = "JHEP",
    volume = "01",
    pages = "026",
    year = "2019"
}

@article{Feiguin_2007,
   title={Interacting Anyons in Topological Quantum Liquids: The Golden Chain},
   volume={98},
   ISSN={1079-7114},
   url={http://dx.doi.org/10.1103/PhysRevLett.98.160409},
   DOI={10.1103/physrevlett.98.160409},
   number={16},
   journal={Physical Review Letters},
   publisher={American Physical Society (APS)},
   author={Feiguin, Adrian and Trebst, Simon and Ludwig, Andreas W. W. and Troyer, Matthias and Kitaev, Alexei and Wang, Zhenghan and Freedman, Michael H.},
   year={2007},
   month=apr }

@article{Sinha:2023hum,
    author = "Sinha, Madhav and Yan, Fei and Grans-Samuelsson, Linnea and Roy, Ananda and Saleur, Hubert",
    title = "{Lattice realizations of topological defects in the critical (1+1)-d three-state Potts model}",
    eprint = "2310.19703",
    archivePrefix = "arXiv",
    primaryClass = "hep-th",
    doi = "10.1007/JHEP07(2024)225",
    journal = "JHEP",
    volume = "07",
    pages = "225",
    year = "2024"
}

@article{Trebst_2008,
   title={A Short Introduction to Fibonacci Anyon Models},
   volume={176},
   ISSN={0375-9687},
   url={http://dx.doi.org/10.1143/PTPS.176.384},
   DOI={10.1143/ptps.176.384},
   journal={Progress of Theoretical Physics Supplement},
   publisher={Oxford University Press (OUP)},
   author={Trebst, Simon and Troyer, Matthias and Wang, Zhenghan and Ludwig, Andreas W. W.},
   year={2008},
   pages={384–407} }


@article{Lin:2023uvm,
    author = "Lin, Ying-Hsuan and Shao, Shu-Heng",
    title = "{Bootstrapping noninvertible symmetries}",
    eprint = "2302.13900",
    archivePrefix = "arXiv",
    primaryClass = "hep-th",
    reportNumber = "YITP-SB-2023-03",
    doi = "10.1103/PhysRevD.107.125025",
    journal = "Phys. Rev. D",
    volume = "107",
    number = "12",
    pages = "125025",
    year = "2023"
}


@article{Northe:2024tnm,
    author = "Northe, Christian",
    title = "{Young Researchers School 2024 Maynooth: Lectures on CFT, BCFT and DCFT}",
    eprint = "2411.03381",
    archivePrefix = "arXiv",
    primaryClass = "hep-th",
    month = "11",
    year = "2024"
}

@article{Rychkov:2023wsd,
    author = "Rychkov, Slava and Su, Ning",
    title = "{New Developments in the Numerical Conformal Bootstrap}",
    eprint = "2311.15844",
    archivePrefix = "arXiv",
    primaryClass = "hep-th",
    month = "11",
    year = "2023"
}

@article{Chai:2020zgq,
    author = "Chai, Noam and Chaudhuri, Soumyadeep and Choi, Changha and Komargodski, Zohar and Rabinovici, Eliezer and Smolkin, Michael",
    title = "{Thermal Order in Conformal Theories}",
    eprint = "2005.03676",
    archivePrefix = "arXiv",
    primaryClass = "hep-th",
    doi = "10.1103/PhysRevD.102.065014",
    journal = "Phys. Rev. D",
    volume = "102",
    number = "6",
    pages = "065014",
    year = "2020"
}

@article{Chai:2020onq,
    author = "Chai, Noam and Chaudhuri, Soumyadeep and Choi, Changha and Komargodski, Zohar and Rabinovici, Eliezer and Smolkin, Michael",
    title = "{Symmetry Breaking at All Temperatures}",
    doi = "10.1103/PhysRevLett.125.131603",
    journal = "Phys. Rev. Lett.",
    volume = "125",
    number = "13",
    pages = "131603",
    year = "2020"
}

@article{Chai:2021djc,
    author = "Chai, Noam and Dymarsky, Anatoly and Smolkin, Michael",
    title = "{Model of Persistent Breaking of Discrete Symmetry}",
    eprint = "2106.09723",
    archivePrefix = "arXiv",
    primaryClass = "hep-th",
    doi = "10.1103/PhysRevLett.128.011601",
    journal = "Phys. Rev. Lett.",
    volume = "128",
    number = "1",
    pages = "011601",
    year = "2022"
}

@book{gel2014generalized,
  title={Generalized functions: Applications of harmonic analysis},
  author={Gel'fand, Izrail Moiseevich and Vilenkin, N Ya},
  volume={4},
  year={2014},
  publisher={Academic press}
}


@article{caianiello1973combinatorics,
  title={Combinatorics and renormalization in quantum field theory},
  author={Caianiello, Eduardo R},
  year={1973},
  publisher={WA Benjamin, Inc., Reading, MA}
}


@article{guttinger1966generalized,
  title={Generalized functions and dispersion relations in physics},
  author={G{\"u}ttinger, W},
  journal={Fortschritte der Physik},
  volume={14},
  number={1-12},
  pages={483--602},
  year={1966},
  publisher={Wiley Online Library}
}

@article{bollini1964analytic,
  title={Analytic regularization and the divergences of quantum field theories},
  author={Bollini, Carlos G and Giambiagi, Juan J and Dominguez, A Gonzales},
  journal={Il Nuovo Cimento (1955-1965)},
  volume={31},
  pages={550--561},
  year={1964},
  publisher={Springer}
}


@article{hands19951,
  title={O (1/N f) corrections to the Thirring model in 2< d< 4},
  author={Hands, Simon},
  journal={Physical Review D},
  volume={51},
  number={10},
  pages={5816},
  year={1995},
  publisher={APS}
}

@article{10.1007/BF02395016,
author = {Marcel Riesz},
title = {{L'intégrale de Riemann-Liouville et le problème de Cauchy}},
volume = {81},
journal = {Acta Mathematica},
number = {none},
publisher = {Institut Mittag-Leffler},
pages = {1 -- 222},
year = {1949},
doi = {10.1007/BF02395016},
URL = {https://doi.org/10.1007/BF02395016}
}


@article{Hands:2020itv,
    author = "Hands, Simon and Mesiti, Michele and Worthy, Jude",
    title = "{Critical behavior in the single flavor Thirring model in 2+1D}",
    eprint = "2009.02964",
    archivePrefix = "arXiv",
    primaryClass = "hep-lat",
    doi = "10.1103/PhysRevD.102.094502",
    journal = "Phys. Rev. D",
    volume = "102",
    number = "9",
    pages = "094502",
    year = "2020"
}

@incollection{hands2023planar,
  title={Planar Thirring Model in the U (2 N)-Symmetric Limit},
  author={Hands, Simon},
  booktitle={Peter Suranyi 87th Birthday Festschrift A Life in Quantum Field Theory},
  pages={217--236},
  year={2023},
  publisher={World Scientific}
}

@article{hands2019critical,
  title={Critical flavor number in the 2+ 1 D Thirring model},
  author={Hands, Simon},
  journal={Physical Review D},
  volume={99},
  number={3},
  pages={034504},
  year={2019},
  publisher={APS}
}

@article{christofi2007critical,
  title={Critical flavor number in the three dimensional Thirring model},
  author={Christofi, Stavros and Hands, Simon and Strouthos, Costas},
  journal={Physical Review D},
  volume={75},
  number={10},
  pages={101701},
  year={2007},
  publisher={APS}
}

@article{del1996monte,
  title={Monte Carlo simulation of the three dimensional Thirring model},
  author={Del Debbio, Luigi and Hands, Simon},
  journal={Physics Letters B},
  volume={373},
  number={1-3},
  pages={171--177},
  year={1996},
  publisher={Elsevier}
}

@article{del1997three,
  title={Three-dimensional thirring model for small Nf},
  author={Del Debbio, L and Hands, SJ and Mehegan, JC and Ukqcd Collaboration and others},
  journal={Nuclear Physics B},
  volume={502},
  number={1-2},
  pages={269--308},
  year={1997},
  publisher={Elsevier}
}


@article{del1999three,
  title={The three-dimensional Thirring model for Nƒ= 4 and Nƒ= 6},
  author={Del Debbio, L and Hands, SJ},
  journal={Nuclear Physics B},
  volume={552},
  number={1-2},
  pages={339--362},
  year={1999},
  publisher={Elsevier}
}


@article{hands1999phase,
  title={The phase diagram of the three dimensional Thirring model},
  author={Hands, Simon and Lucini, Biagio},
  journal={Physics Letters B},
  volume={461},
  number={3},
  pages={263--269},
  year={1999},
  publisher={Elsevier}
}

@article{hands2023spectroscopy,
  title={Spectroscopy in the 2+ 1 D Thirring model with N= 1 domain wall fermions},
  author={Hands, Simon and Ostmeyer, Johann},
  journal={Physical Review D},
  volume={107},
  number={1},
  pages={014504},
  year={2023},
  publisher={APS}
}


@article{hands1993four,
  title={Four-Fermi theories in fewer than four dimensions},
  author={Hands, Simon and Kocic, Aleksandar and Kogut, John B},
  journal={Annals of Physics},
  volume={224},
  number={1},
  pages={29--89},
  year={1993},
  publisher={Elsevier}
}


@article{Brezin:1975sq,
    author = "Brezin, E. and Zinn-Justin, Jean",
    title = "{Renormalization of the nonlinear sigma model in 2 + epsilon dimensions. Application to the Heisenberg ferromagnets}",
    doi = "10.1103/PhysRevLett.36.691",
    journal = "Phys. Rev. Lett.",
    volume = "36",
    pages = "691--694",
    year = "1976"
}

@article{hikami1981three,
  title={Three-loop {\ss}-functions of non-linear $\sigma$ models on symmetric spaces},
  author={Hikami, S},
  journal={Physics Letters B},
  volume={98},
  number={3},
  pages={208--210},
  year={1981},
  publisher={Elsevier}
}


@article{friedan1985nonlinear,
  title={Nonlinear models in 2+ $\varepsilon$ dimensions},
  author={Friedan, Daniel Harry},
  journal={Annals of physics},
  volume={163},
  number={2},
  pages={318--419},
  year={1985},
  publisher={Elsevier}
}

@article{bernreuther1986four,
  title={Four-loop-order $\beta$ function for two-dimensional nonlinear sigma models},
  author={Bernreuther, Werner and Wegner, Franz J},
  journal={Physical review letters},
  volume={57},
  number={12},
  pages={1383},
  year={1986},
  publisher={APS}
}

@article{ludwig20034,
  title={The 4-loop $\beta$-function in the 2D Non-Abelian Thirring model, and comparison with its conjectured “exact” form},
  author={Ludwig, Andreas WW and Wiese, Kay J{\"o}rg},
  journal={Nuclear Physics B},
  volume={661},
  number={3},
  pages={577--607},
  year={2003},
  publisher={Elsevier}
}




@article{honkonen1989crossover,
  title={Crossover between field theories with short-range and long-range exchange or correlations},
  author={Honkonen, J and Nalimov, M Yu},
  journal={Journal of Physics A: Mathematical and General},
  volume={22},
  number={6},
  pages={751},
  year={1989},
  publisher={IOP Publishing}
}


@book{landau2021guide,
  title={A guide to Monte Carlo simulations in statistical physics},
  author={Landau, David and Binder, Kurt},
  year={2021},
  publisher={Cambridge university press}
}


@article{poland2019conformal,
  title={The conformal bootstrap: theory, numerical techniques, and applications},
  author={Poland, David and Rychkov, Slava and Vichi, Alessandro},
  journal={Reviews of Modern Physics},
  volume={91},
  number={1},
  pages={015002},
  year={2019},
  publisher={APS}
}

@article{chester2020carving,
  title={Carving out OPE space and precise O (2) model critical exponents},
  author={Chester, Shai M and Landry, Walter and Liu, Junyu and Poland, David and Simmons-Duffin, David and Su, Ning and Vichi, Alessandro},
  journal={Journal of High Energy Physics},
  volume={2020},
  number={6},
  pages={1--52},
  year={2020},
  publisher={Springer}
}

@article{chester2021bootstrapping,
  title={Bootstrapping Heisenberg magnets and their cubic instability},
  author={Chester, Shai M and Landry, Walter and Liu, Junyu and Poland, David and Simmons-Duffin, David and Su, Ning and Vichi, Alessandro},
  journal={Physical Review D},
  volume={104},
  number={10},
  pages={105013},
  year={2021},
  publisher={APS}
}

@article{atanasov2022precision,
  title={Precision bootstrap for the N= 1 super-Ising model},
  author={Atanasov, Alexander and Hillman, Aaron and Poland, David and Rong, Junchen and Su, Ning},
  journal={Journal of High Energy Physics},
  volume={2022},
  number={8},
  pages={1--30},
  year={2022},
  publisher={Springer}
}
@article{erramilli2023gross,
  title={The Gross-Neveu-Yukawa archipelago},
  author={Erramilli, Rajeev S and Iliesiu, Luca V and Kravchuk, Petr and Liu, Aike and Poland, David and Simmons-Duffin, David},
  journal={Journal of High Energy Physics},
  volume={2023},
  number={2},
  pages={1--49},
  year={2023},
  publisher={Springer}
}

@article{rattazzi2008bounding,
  title={Bounding scalar operator dimensions in 4D CFT},
  author={Rattazzi, Riccardo and Rychkov, Vyacheslav S and Tonni, Erik and Vichi, Alessandro},
  journal={Journal of High Energy Physics},
  volume={2008},
  number={12},
  pages={031},
  year={2008},
  publisher={IOP Publishing}
}


@article{JLCardy_1984,
doi = {10.1088/0305-4470/17/7/003},
url = {https://dx.doi.org/10.1088/0305-4470/17/7/003},
year = {1984},
month = {may},
publisher = {},
volume = {17},
number = {7},
pages = {L385},
author = {J L Cardy},
title = {Conformal invariance and universality in finite-size scaling},
journal = {Journal of Physics A: Mathematical and General},
}


@article{CARDY1986186,
title = {Operator content of two-dimensional conformally invariant theories},
journal = {Nuclear Physics B},
volume = {270},
pages = {186-204},
year = {1986},
issn = {0550-3213},
doi = {https://doi.org/10.1016/0550-3213(86)90552-3},
url = {https://www.sciencedirect.com/science/article/pii/0550321386905523},
author = {John L. Cardy},
abstract = {It is shown how conformal invariance relates many numerically accessible properties of the transfer matrix of a critical system in a finite-width infinitely long strip to bulk universal quantities. Conversely, general properties of the transfer matrix imply constraints on the allowed operator content of the theory. We show that unitary theories with a finite number of primary operators must have a conformal anomaly number c < 1, and therefore must fall into the classification of Friedan, Qiu and Shenker. For such theories, we derive sum rules which constrain the numbers of operators with given scaling dimensions.}
}

@article{PhysRevLett.56.742,
  title = {Conformal invariance, the central charge, and universal finite-size amplitudes at criticality},
  author = {Bl\"ote, H. W. J. and Cardy, John L. and Nightingale, M. P.},
  journal = {Phys. Rev. Lett.},
  volume = {56},
  issue = {7},
  pages = {742--745},
  numpages = {0},
  year = {1986},
  month = {Feb},
  publisher = {American Physical Society},
  doi = {10.1103/PhysRevLett.56.742},
  url = {https://link.aps.org/doi/10.1103/PhysRevLett.56.742}
}



@book{cardy1996scaling,
  title={Scaling and renormalization in statistical physics},
  author={Cardy, John},
  volume={5},
  year={1996},
  publisher={Cambridge university press}
}


@article{Chester:2016wrc,
    author = "Chester, Shai M. and Pufu, Silviu S.",
    title = "{Towards bootstrapping QED$_{3}$}",
    eprint = "1601.03476",
    archivePrefix = "arXiv",
    primaryClass = "hep-th",
    reportNumber = "PUPT-2494",
    doi = "10.1007/JHEP08(2016)019",
    journal = "JHEP",
    volume = "08",
    pages = "019",
    year = "2016"
}

@article{Albayrak:2021xtd,
    author = "Albayrak, Soner and Erramilli, Rajeev S. and Li, Zhijin and Poland, David and Xin, Yuan",
    title = "{Bootstrapping $N_f$=4 conformal QED$_3$}",
    eprint = "2112.02106",
    archivePrefix = "arXiv",
    primaryClass = "hep-th",
    doi = "10.1103/PhysRevD.105.085008",
    journal = "Phys. Rev. D",
    volume = "105",
    number = "8",
    pages = "085008",
    year = "2022"
}


@article{He:2021sto,
    author = "He, Yin-Chen and Rong, Junchen and Su, Ning",
    title = "{Conformal bootstrap bounds for the $U(1)$ Dirac spin liquid and $N=7$ Stiefel liquid}",
    eprint = "2107.14637",
    archivePrefix = "arXiv",
    primaryClass = "cond-mat.str-el",
    reportNumber = "DESY-21-124",
    doi = "10.21468/SciPostPhys.13.2.014",
    journal = "SciPost Phys.",
    volume = "13",
    number = "2",
    pages = "014",
    year = "2022"
}

@article{He:2021xvg,
    author = "He, Yin-Chen and Rong, Junchen and Su, Ning",
    title = "{A roadmap for bootstrapping critical gauge theories: decoupling operators of conformal field theories in $d>2$ dimensions}",
    eprint = "2101.07262",
    archivePrefix = "arXiv",
    primaryClass = "hep-th",
    reportNumber = "DESY-21-123",
    doi = "10.21468/SciPostPhys.11.6.111",
    journal = "SciPost Phys.",
    volume = "11",
    pages = "111",
    year = "2021"
}

@article{sibold2010bogoliubov,
  title={Bogoliubov-parasiuk-hepp-zimmermann renormalization scheme},
  author={Sibold, Klaus},
  journal={Scholarpedia},
  volume={5},
  number={5},
  pages={7306},
  year={2010}
}


@article{sachdev1999quantum,
  title={Quantum phase transitions},
  author={Sachdev, Subir},
  journal={Physics world},
  volume={12},
  number={4},
  pages={33},
  year={1999},
  publisher={IOP Publishing}
}

@article{kos2016precision,
  title={Precision islands in the Ising and O (N) models},
  author={Kos, Filip and Poland, David and Simmons-Duffin, David and Vichi, Alessandro},
  journal={Journal of High Energy Physics},
  volume={2016},
  number={8},
  pages={1--16},
  year={2016},
  publisher={Springer}
}

@article{Paulos:2015jfa,
    author = "Paulos, Miguel F. and Rychkov, Slava and van Rees, Balt C. and Zan, Bernardo",
    title = "{Conformal Invariance in the Long-Range Ising Model}",
    eprint = "1509.00008",
    archivePrefix = "arXiv",
    primaryClass = "hep-th",
    reportNumber = "CERN-PH-TH-2015-200",
    doi = "10.1016/j.nuclphysb.2015.10.018",
    journal = "Nucl. Phys. B",
    volume = "902",
    pages = "246--291",
    year = "2016"
}



@book{smirnov2013analytic,
  title={Analytic tools for Feynman integrals},
  author={Smirnov, Vladimir A},
  year={2013},
  publisher={Springer}
}


@article{Gluza:2007rt,
    author = "Gluza, J. and Kajda, K. and Riemann, T.",
    title = "{AMBRE: A Mathematica package for the construction of Mellin-Barnes representations for Feynman integrals}",
    eprint = "0704.2423",
    archivePrefix = "arXiv",
    primaryClass = "hep-ph",
    reportNumber = "DESY-07-037, HEPTOOLS-07-009, SFB-CPP-07-14",
    doi = "10.1016/j.cpc.2007.07.001",
    journal = "Comput. Phys. Commun.",
    volume = "177",
    pages = "879--893",
    year = "2007"
}

@article{Czakon:2005rk,
    author = "Czakon, M.",
    title = "{Automatized analytic continuation of Mellin-Barnes integrals}",
    eprint = "hep-ph/0511200",
    archivePrefix = "arXiv",
    reportNumber = "WUE-ITP-2005-014",
    doi = "10.1016/j.cpc.2006.07.002",
    journal = "Comput. Phys. Commun.",
    volume = "175",
    pages = "559--571",
    year = "2006"
}


@article{Benedetti:2024oif,
    author = "Benedetti, Dario and Gurau, Razvan and Lettera, Davide",
    title = "{Dynamic critical exponent in quantum long-range models}",
    eprint = "2404.13963",
    archivePrefix = "arXiv",
    primaryClass = "hep-th",
    month = "4",
    year = "2024"
}

@inproceedings{Penedones:2016voo,
    author = "Penedones, Joao",
    title = "{TASI lectures on AdS/CFT}",
    booktitle = "{Theoretical Advanced Study Institute in Elementary Particle Physics}: {New Frontiers in Fields and Strings}",
    eprint = "1608.04948",
    archivePrefix = "arXiv",
    primaryClass = "hep-th",
    doi = "10.1142/9789813149441_0002",
    pages = "75--136",
    year = "2017"
}

@article{Chai:2021wac,
    author = "Chai, Noam and Chakraborty, Soumangsu and Goykhman, Mikhail and Sinha, Ritam",
    title = "{Long-range fermions and critical dualities}",
    eprint = "2110.00020",
    archivePrefix = "arXiv",
    primaryClass = "hep-th",
    doi = "10.1007/JHEP01(2022)172",
    journal = "JHEP",
    volume = "01",
    pages = "172",
    year = "2022"
}
@article{di20193d,
  title={3d Abelian gauge theories at the boundary},
  author={Di Pietro, Lorenzo and Gaiotto, Davide and Lauria, Edoardo and Wu, Jingxiang},
  journal={Journal of High Energy Physics},
  volume={2019},
  number={5},
  pages={1--60},
  year={2019},
  publisher={Springer}
}

@article{heydeman2020renormalization,
  title={Renormalization and conformal invariance of non-local quantum electrodynamics},
  author={Heydeman, Matthew and Jepsen, Christian B and Ji, Ziming and Yarom, Amos},
  journal={Journal of High Energy Physics},
  volume={2020},
  number={8},
  pages={1--39},
  year={2020},
  publisher={Springer}
}


@article{Moshe:2003xn,
    author = "Moshe, Moshe and Zinn-Justin, Jean",
    title = "{Quantum field theory in the large N limit: A Review}",
    eprint = "hep-th/0306133",
    archivePrefix = "arXiv",
    doi = "10.1016/S0370-1573(03)00263-1",
    journal = "Phys. Rept.",
    volume = "385",
    pages = "69--228",
    year = "2003"
}

@article{bender1969anharmonic,
  title={Anharmonic oscillator},
  author={Bender, Carl M and Wu, Tai Tsun},
  journal={Physical Review},
  volume={184},
  number={5},
  pages={1231},
  year={1969},
  publisher={APS}
}

@article{brezin1978critical,
  title={Critical exponents and large-order behavior of perturbation theory},
  author={Brezin, E and Parisi, G},
  journal={Journal of Statistical Physics},
  volume={19},
  pages={269--292},
  year={1978},
  publisher={Springer}
}


@article{brezin1977perturbation,
  title={Perturbation theory at large order. I. The $\varphi$ 2 N interaction},
  author={Brezin, E and Le Guillou, JC and Zinn-Justin, Jean},
  journal={Physical Review D},
  volume={15},
  number={6},
  pages={1544},
  year={1977},
  publisher={APS}
}

@article{zinn1981perturbation,
  title={Perturbation series at large orders in quantum mechanics and field theories: application to the problem of resummation},
  author={Zinn-Justin, Jean},
  journal={Physics Reports},
  volume={70},
  number={2},
  pages={109--167},
  year={1981},
  publisher={Elsevier}
}

@book{le2012large,
  title={Large-order behaviour of perturbation theory},
  author={Le Guillou, Jean-Claude and Zinn-Justin, Jean},
  year={2012},
  publisher={Elsevier}
}

@techreport{kazakov1979calculation,
  title={On the calculation of critical exponents by the methods of quantum field theory},
  author={Kazakov, DI and Tarasov, OV and Vladimirov, AA},
  year={1979},
  institution={Joint Inst. for Nuclear Research}
}

@article{PhysRevLett.28.240,
  title = {Critical Exponents in 3.99 Dimensions},
  author = {Wilson, Kenneth G. and Fisher, Michael E.},
  journal = {Phys. Rev. Lett.},
  volume = {28},
  issue = {4},
  pages = {240--243},
  numpages = {0},
  year = {1972},
  month = {Jan},
  publisher = {American Physical Society},
  doi = {10.1103/PhysRevLett.28.240},
  url = {https://link.aps.org/doi/10.1103/PhysRevLett.28.240}
}



@article{Behan:2017dwr,
    author = "Behan, Connor and Rastelli, Leonardo and Rychkov, Slava and Zan, Bernardo",
    title = "{Long-range critical exponents near the short-range crossover}",
    eprint = "1703.03430",
    archivePrefix = "arXiv",
    primaryClass = "cond-mat.stat-mech",
    reportNumber = "YITP-SB-17-12, CERN-TH-2017-058, CERN-PH-TH-2017-058",
    doi = "10.1103/PhysRevLett.118.241601",
    journal = "Phys. Rev. Lett.",
    volume = "118",
    number = "24",
    pages = "241601",
    year = "2017"
}




@article{fisher1972critical,
  title={Critical exponents for long-range interactions},
  author={Fisher, Michael E and Ma, Shang-keng and Nickel, BG},
  journal={Physical Review Letters},
  volume={29},
  number={14},
  pages={917},
  year={1972},
  publisher={APS}
}

@article{sak1977low,
  title={Low-temperature renormalization group for ferromagnets with long-range interactions},
  author={Sak, J},
  journal={Physical Review B},
  volume={15},
  number={9},
  pages={4344},
  year={1977},
  publisher={APS}
}


@article{banks1976bosonization,
  title={Bosonization of the SU (N) Thirring models},
  author={Banks, Tom and Horn, D and Neuberger, H},
  journal={Nuclear Physics B},
  volume={108},
  number={1},
  pages={119--129},
  year={1976},
  publisher={Elsevier}
}

@article{Zerf:2017zqi,
    author = "Zerf, Nikolai and Mihaila, Luminita N. and Marquard, Peter and Herbut, Igor F. and Scherer, Michael M.",
    title = "{Four-loop critical exponents for the Gross-Neveu-Yukawa models}",
    eprint = "1709.05057",
    archivePrefix = "arXiv",
    primaryClass = "hep-th",
    reportNumber = "DESY-17-133",
    doi = "10.1103/PhysRevD.96.096010",
    journal = "Phys. Rev. D",
    volume = "96",
    number = "9",
    pages = "096010",
    year = "2017"
}


@article{leibbrandt1975introduction,
  title={Introduction to the technique of dimensional regularization},
  author={Leibbrandt, George},
  journal={Reviews of Modern Physics},
  volume={47},
  number={4},
  pages={849},
  year={1975},
  publisher={APS}
}



@article{frishman1993bosonization,
  title={Bosonization and QCD in two dimensions},
  author={Frishman, Yitzhak and Sonnenschein, Jacob},
  journal={Physics reports},
  volume={223},
  number={6},
  pages={309--348},
  year={1993},
  publisher={Elsevier}
}

@article{rosenstein1991dynamical,
  title={Dynamical symmetry breaking in four-fermion interaction models},
  author={Rosenstein, Baruch and Warr, Brian J and Park, Seon H},
  journal={Physics Reports},
  volume={205},
  number={2},
  pages={59--108},
  year={1991},
  publisher={Elsevier}
}


@article{Bennett:1999he,
    author = "Bennett, J. F. and Gracey, J. A.",
    title = "{Three loop renormalization of the SU(N(c)) nonAbelian Thirring model}",
    eprint = "hep-th/9909046",
    archivePrefix = "arXiv",
    reportNumber = "LTH-456",
    doi = "10.1016/S0550-3213(99)00570-2",
    journal = "Nucl. Phys. B",
    volume = "563",
    pages = "390--436",
    year = "1999"
}


@article{Itoh:1994cr,
    author = "Itoh, Taichi and Kim, Yoonbai and Sugiura, Masaki and Yamawaki, Koichi",
    title = "{Thirring model as a gauge theory}",
    eprint = "hep-th/9411201",
    archivePrefix = "arXiv",
    reportNumber = "DPNU-94-52",
    doi = "10.1143/PTP.93.417",
    journal = "Prog. Theor. Phys.",
    volume = "93",
    pages = "417--440",
    year = "1995"
}


@article{thirring1958soluble,
  title={A soluble relativistic field theory},
  author={Thirring, Walter E},
  journal={Annals of Physics},
  volume={3},
  number={1},
  pages={91--112},
  year={1958},
  publisher={Elsevier}
}

@article{Song:2023omz,
    author = "Song, Menghan and Zhao, Jiarui and Qi, Yang and Rong, Junchen and Meng, Zi Yang",
    title = "{Quantum criticality and entanglement for the two-dimensional long-range Heisenberg bilayer}",
    eprint = "2306.05465",
    archivePrefix = "arXiv",
    primaryClass = "cond-mat.str-el",
    doi = "10.1103/PhysRevB.109.L081114",
    journal = "Phys. Rev. B",
    volume = "109",
    number = "8",
    pages = "L081114",
    year = "2024"
}

@book{freedman2012supergravity,
  title={Supergravity},
  author={Freedman, Daniel Z and Van Proeyen, Antoine},
  year={2012},
  publisher={Cambridge university press}
}

@article{luijten2002boundary,
  title={Boundary between long-range and short-range critical behavior in systems with algebraic interactions},
  author={Luijten, Erik and Bl{\"o}te, Henk WJ},
  journal={Physical review letters},
  volume={89},
  number={2},
  pages={025703},
  year={2002},
  publisher={APS}
}

@article{picco2012critical,
  title={Critical behavior of the Ising model with long range interactions},
  author={Picco, Marco},
  journal={arXiv preprint arXiv:1207.1018},
  year={2012}
}

@article{angelini2014relations,
  title={Relations between short-range and long-range Ising models},
  author={Angelini, Maria Chiara and Parisi, Giorgio and Ricci-Tersenghi, Federico},
  journal={Physical Review E},
  volume={89},
  number={6},
  pages={062120},
  year={2014},
  publisher={APS}
}

@article{Zhao:2023inj,
    author = "Zhao, Jiarui and Song, Menghan and Qi, Yang and Rong, Junchen and Meng, Zi Yang",
    title = "{Finite-temperature critical behaviors in 2D long-range quantum Heisenberg model}",
    doi = "10.1038/s41535-023-00591-6",
    journal = "npj Quantum Materials",
    volume = "8",
    number = "1",
    pages = "59",
    year = "2023"
}

@article{Benedetti:2020rrq,
    author = "Benedetti, Dario and Gurau, Razvan and Harribey, Sabine and Suzuki, Kenta",
    title = "{Long-range multi-scalar models at three loops}",
    eprint = "2007.04603",
    archivePrefix = "arXiv",
    primaryClass = "hep-th",
    doi = "10.1088/1751-8121/abb6ae",
    journal = "J. Phys. A",
    volume = "53",
    number = "44",
    pages = "445008",
    year = "2020"
}

@article{Behan:2017emf,
    author = "Behan, Connor and Rastelli, Leonardo and Rychkov, Slava and Zan, Bernardo",
    title = "{A scaling theory for the long-range to short-range crossover and an infrared duality}",
    eprint = "1703.05325",
    archivePrefix = "arXiv",
    primaryClass = "hep-th",
    reportNumber = "CERN-TH-2017-052, YITP-SB-17-13, CERN-PH-TH-2017-052",
    doi = "10.1088/1751-8121/aa8099",
    journal = "J. Phys. A",
    volume = "50",
    number = "35",
    pages = "354002",
    year = "2017"
}



@article{Zinn-Justin:1980oco,
    author = "Zinn-Justin, Jean",
    title = "{Perturbation Series at Large Orders in Quantum Mechanics and Field Theories: Application to the Problem of Resummation}",
    reportNumber = "FUB-HEP-8-80",
    doi = "10.1016/0370-1573(81)90016-8",
    journal = "Phys. Rept.",
    volume = "70",
    pages = "109",
    year = "1981"
}

@book{kleinert2001critical,
  title={Critical Properties of $\phi^4$-theories},
  author={Kleinert, Hagen and Schulte-Frohlinde, Verena},
  year={2001},
  publisher={World Scientific}
}

@article{Kazakov:1979ik,
    author = "Kazakov, D. I. and Tarasov, O. V. and Vladimirov, A. A.",
    title = "{Calculation of Critical Exponents by Quantum Field Theory Methods}",
    reportNumber = "JINR-E2-12249",
    journal = "Sov. Phys. JETP",
    volume = "50",
    pages = "521",
    year = "1979"
}

@article{Behan:2023ile,
    author = "Behan, Connor and Lauria, Edoardo and Nocchi, Maria and van Vliet, Philine",
    title = "{Analytic and numerical bootstrap for the long-range Ising model}",
    eprint = "2311.02742",
    archivePrefix = "arXiv",
    primaryClass = "hep-th",
    doi = "10.1007/JHEP03(2024)136",
    journal = "JHEP",
    volume = "03",
    pages = "136",
    year = "2024"
}


@phdthesis{Behan:2019lyd,
    author = "Behan, Connor Classen",
    title = "{Bootstrapping some continuous families of conformal field theories}",
    school = "Stony Brook U.",
    year = "2019"
}

@article{chen2006classification,
  title={Classification of solutions for an integral equation},
  author={Chen, Wenxiong and Li, Congming and Ou, Biao},
  journal={Communications on pure and applied mathematics},
  volume={59},
  number={3},
  pages={330--343},
  year={2006},
  publisher={New York: Interscience Publishers, c1949-}
}


@article{PhysRevB.8.281,
  title = {Recursion Relations and Fixed Points for Ferromagnets with Long-Range Interactions},
  author = {Sak, J.},
  journal = {Phys. Rev. B},
  volume = {8},
  issue = {1},
  pages = {281--285},
  numpages = {0},
  year = {1973},
  month = {Jul},
  publisher = {American Physical Society},
  doi = {10.1103/PhysRevB.8.281},
  url = {https://link.aps.org/doi/10.1103/PhysRevB.8.281}
}

@article{wetzel1984two,
  title={Two-loop beta-function for the Gross-Neveu model},
  author={Wetzel, Werner},
  journal={Phys. Lett. B},
  volume={153},
  number={CERN-TH-4067},
  pages={297--299},
  year={1984}
}

@article{gracey1991computation,
  title={Computation of the three-loop $\beta$-function of the O (N) Gross-Neveu model in minimal subtraction},
  author={Gracey, John A},
  journal={Nuclear Physics B},
  volume={367},
  number={3},
  pages={657--674},
  year={1991},
  publisher={Elsevier}
}

@article{gracey1990three,
  title={Three-loop calculations in the O (N) Gross-Neveu model},
  author={Gracey, John A},
  journal={Nuclear Physics B},
  volume={341},
  number={2},
  pages={403--418},
  year={1990},
  publisher={Elsevier}
}

@article{Giombi:2019enr,
    author = "Giombi, Simone and Khanchandani, Himanshu",
    title = "{$O(N)$ models with boundary interactions and their long range generalizations}",
    eprint = "1912.08169",
    archivePrefix = "arXiv",
    primaryClass = "hep-th",
    reportNumber = "PUPT-2606",
    doi = "10.1007/JHEP08(2020)010",
    journal = "JHEP",
    volume = "08",
    number = "08",
    pages = "010",
    year = "2020"
}

@article{Behan:2018hfx,
    author = "Behan, Connor",
    title = "{Bootstrapping the long-range Ising model in three dimensions}",
    eprint = "1810.07199",
    archivePrefix = "arXiv",
    primaryClass = "hep-th",
    reportNumber = "YITP-SB-18-27",
    doi = "10.1088/1751-8121/aafd1b",
    journal = "J. Phys. A",
    volume = "52",
    number = "7",
    pages = "075401",
    year = "2019"
}


@article{Chai:2021arp,
    author = "Chai, Noam and Goykhman, Mikhail and Sinha, Ritam",
    title = "{Long-range vector models at large N}",
    eprint = "2107.08052",
    archivePrefix = "arXiv",
    primaryClass = "hep-th",
    doi = "10.1007/JHEP09(2021)194",
    journal = "JHEP",
    volume = "09",
    pages = "194",
    year = "2021"
}

@article{gies2010uv,
  title={UV fixed-point structure of the three-dimensional Thirring model},
  author={Gies, Holger and Janssen, Lukas},
  journal={Physical Review D},
  volume={82},
  number={8},
  pages={085018},
  year={2010},
  publisher={APS}
}


@article{janssen2012critical,
  title={Critical behavior of the (2+ 1)-dimensional Thirring model},
  author={Janssen, Lukas and Gies, Holger},
  journal={Physical Review D},
  volume={86},
  number={10},
  pages={105007},
  year={2012},
  publisher={APS}
}


@article{Hikami:1976at,
    author = "Hikami, Shinobu and Muta, Taizo",
    title = "{Fixed Points and Anomalous Dimensions in O(n) Thirring Model at Two + Epsilon Dimensions}",
    reportNumber = "RIFP-260",
    doi = "10.1143/PTP.57.785",
    journal = "Prog. Theor. Phys.",
    volume = "57",
    pages = "785--796",
    year = "1977"
}
